%% Created using Papers on Sat, 22 Dec 2018.
%% http://papersapp.com/papers/

@article{melnychuk_reconstruction_2017,
author = {Melnychuk, Michael C and Clavelle, Tyler and Owashi, Brandon and Strauss, Kent},
title = {{Reconstruction of global ex-vessel prices of fished species}},
journal = {ICES Journal of Marine Science},
year = {2017},
volume = {74},
number = {1},
pages = {121--133},
month = jan
}

@article{Mendo:2014wt,
author = {Mendo, Jaime and Wosnitza-Mendo, Claudia},
title = {{Reconstruction of total marine fisheries catches for Peru: 1950-2010}},
journal = {Fisheries Center, Working Paper Series},
year = {2014},
volume = {2014},
number = {21}
}

@techreport{ministerio_de_salud_gobierno_de_chile_encuesta_2018,
author = {Ministerio de Salud, Gobierno de Chile},
title = {{Encuesta nacional de salud 2016-2017}},
year = {2018}
}

@techreport{villena_marcelo_diagnostico_2012,
author = {Villena, Marcelo},
title = {{Diagn{\'o}stico del Consumo Interno de Productos Pesqueros en Chile}},
year = {2012}
}

@techreport{fao_estado_2016,
author = {{FAO}},
title = {{El estado mundial de la pesca yla acuicultura. Contribuci{\'o}n a la seguridad alimentaria y la nutrici{\'o}n para todos}},
year = {2016}
}

@webpage{Maturana:h6pAM4Qg,
author = {{Maturana} and Berazaluce, Pablo and Burgos, Jos{\'e} Miguel and Bordas, Antonia},
title = {{Mujeres y Hombres en el Sector Pesquero y Acuicultor de Chile 2017}},
year = {2017}
}

@article{Sumaila:2007gf,
author = {Sumaila, U Rashid and Marsden, A Dale and Watson, Reg and Pauly, Daniel},
title = {{A Global Ex-vessel Fish Price Database: Construction and Applications}},
journal = {Journal of Bioeconomics},
year = {2007},
volume = {9},
number = {1},
pages = {39--51},
month = jun
}

@techreport{subpesca_pesca_2018,
author = {{SUBPESCA}},
title = {{La pesca industrial en Chile}},
year = {2018}
}

@techreport{ifop_boletines_2017,
author = {{IFOP}},
title = {{Boletines Estad{\'\i}stica de Exportaci{\'o}n de Productos Pesqueros y Acu{\'\i}colas}},
year = {2017}
}

@article{tam_gone_2018,
author = {Tam, J and Chan, K M A and Satterfield, T and Singh, G G and Gelcich, S},
title = {{Gone fishing? Intergenerational cultural shifts can undermine common property co-managed fisheries}},
journal = {Marine Policy},
year = {2018},
volume = {90},
pages = {1--5},
month = apr
}

@article{Dyck:2010ez,
author = {Dyck, Andrew J and Sumaila, U Rashid},
title = {{Economic impact of ocean fish populations in the global fishery}},
journal = {Journal of Bioeconomics},
year = {2010},
volume = {12},
number = {3},
pages = {227--243},
month = aug
}

@techreport{datachile_fish_2016,
author = {{DataChile}},
title = {{Fish Fillets (Animal Products)}},
year = {2016}
}

@techreport{Paredes:2hqbQ-kL,
author = {Paredes, C and de la Puente, Santiago},
title = {{Situaci{\'o}n Actual De La Pesquer{\'\i}a De La Pota (\emph{Dosidicus Gigas}) en El Per{\'u} Y Recomendaciones Para Su Mejora}},
year = {2014}
}

@techreport{PRODUCE:2017wp,
author = {{PRODUCE}},
title = {{Anuario Estad{\'\i}stico Pesquero
y Acu{\'\i}cola 2016.
La actividad productiva del sector en n{\'u}meros.}},
year = {2017},
address = {Lima, Peru}
}

@article{Zeller:2017el,
author = {Zeller, Dirk and Cashion, Tim and Palomares, Maria and Pauly, Daniel},
title = {{Global marine fisheries discards: A synthesis of reconstructed data}},
journal = {Fish and Fisheries},
year = {2017},
volume = {19},
number = {1},
pages = {30--39},
month = jun
}

@article{deMeirellesFelizolaFreire:2014wh,
author = {de Meirelles Felizola Freire, K{\'a}tia and Arag{\~a}o, Jos{\'e} Augusto Negreiros and da Rocha Ara{\'u}jo, Ana Rosa and {\'A}vila-da-Silva, Ant{\^o}nio Olinto and dos Santos Bispo, Maria Camila and Canziani, Gonzalo Velasco and Divovich, Esther and Carneiro, Marcus Henrique and Gon{\c c}alves, Fernanda Damaceno Silva and Keunecke, Karina Annes and Mendon{\c c}a, Jocemar Tomasino and Pietro S Moro and Motta, Fabio S and Olavo, George and Pezzuto, Paulo Ricardo and Filho, Raynara and dos Santos, Roberta Aguiar and Trindade-Santos, Isaac and Airton, Jos{\'e} and Vianna, Marcelo},
title = {{Revisiting Brazilian Catch Data for Brazilian Marine Waters
(1950-2010)}},
journal = {Fisheries Center, Working Paper Series},
year = {2014},
volume = {2014},
number = {23},
pages = {1--42}
}

@techreport{SueiroCabredo:2015up,
author = {Sueiro Cabredo, Juan Carlos and de la Puente, Santiago},
title = {{La Pesca Artesanal en El Per{\'u}: Diagn{\'o}stico De La Actividad Pesquera Artesanal Peruana. Consultor{\'\i}a realizada entre marzo y octubre del 2013 para Organizaci{\'o}n de las
Naciones Unidas para la Alimentaci{\'o}n y la Agricultura (FAO) en el marco del proyecto TCP/PER/3041: Apoyo para la
elaboraci{\'o}n de la Estrategia Nacional para el Fortalecimiento de la Pesca Artesanal Sostenible. Lima, Per{\'u}. 112p.}},
year = {2015},
month = may
}

@article{delaLama:hp,
author = {de la Lama, R L and De La Puente, S and Oryx, A Vald{\'e}s-Vel{\'a}squez and {2018}},
title = {{Bringing sustainable seafood back to the table: exploring chefs' knowledge, attitudes and practices in Peru}},
journal = {cambridge.org
}
}

@techreport{PRODUCE:bjhNchws,
author = {{PRODUCE}},
title = {{Anuario Estad{\'\i}stico Pesquero y Acu{\'\i}cola 2013}},
year = {2013}
}

@article{delaLama:2018em,
author = {de la Lama, Roc{\'\i}o L{\'o}pez and Vald{\'e}s-Velasquez, Armando and Huicho, Luis and Morales, Estefan{\'\i}a and Rivera-Ch, Mar{\'\i}a},
title = {{Exploring the building blocks of social capital in the Sechura Bay (Peru)_ Insights from Peruvian scallop (Argopecten purpuratus) aquaculture}},
journal = {Ocean and Coastal Management},
year = {2018},
volume = {165},
pages = {235--243},
month = sep
}

@techreport{delaPuente:2015tw,
author = {de la Puente, Santiago and Flores, D and Grillo, J and Paredes, C},
title = {{Caracterizaci{\'o}n y an{\'a}lisis de la cadena productiva de perico (Coryphaena hippurus) desembarcado en las principales regiones de la costa peruana. Consultor{\'\i}a elaborada para WWF-Per{\'u} por Inteligencia Financiera SAC}},
year = {2015},
address = {Lima, Peru}
}

@techreport{delaPuente:2017vk,
author = {de la Puente, Santiago},
title = {{Characterizing the knowledge and attitudes towards sharks and the domestic use of shark meat and fins in Peru}},
year = {2017}
}

@article{Badjeck:2009iw,
author = {Badjeck, Marie Caroline and Mendo, Jaime and Wolff, Matthias and Lange, Hellmuth},
title = {{Climate variability and the Peruvian scallop fishery: the role of formal institutions in resilience building}},
journal = {Climatic Change},
year = {2009},
volume = {94},
number = {1-2},
pages = {211--232},
month = apr
}

@techreport{FishStatJsoftware:2016uf,
author = {{FAO}},
title = {{FishStatJ - software for fishery statistical time series}},
year = {2016}
}

@techreport{Carrasco:2017wa,
author = {Carrasco, Renato Guevara and Bertrand, Arnaud and Soto, Wilbert Marin and Cruz, Ana Medina and Mendoza, Gladis Castillo and Arellano, Carlota Estrella and Ot{\'a}rola, Alex Guardia},
title = {{Atlas de la pesca artesanal en Per{\'u}}},
year = {2017},
address = {Lima, Peru}
}

@techreport{delaPuente:_6AtqIk2,
author = {de la Puente, Santiago and Sueiro, Juan Carlos},
title = {{Reporte Tem{\'a}tico: M{\'o}dulo V. {\textendash} M{\'o}dulo Gobernanza. Consultor{\'\i}a Realizada en El Marco Del Proceso De ADT-PAE Del Proyecto GEF-PNUD: Hacia Un Manejo Con Enfoque Ecosist{\'e}mico Del Gran Ecosistema Marino De La Corriente De Humboldt}},
year = {2013}
}

@techreport{wwf_chile_estimacion_2017,
author = {Chile, WWF},
title = {{Estimaci{\'o}n de la pesca INN en la pesquer{\'\i}a de merluza com{\'u}n}},
year = {2017},
address = {Chile}
}

@article{oyanedel_illegal_2018,
author = {Oyanedel, Rodrigo and Keim, Andres and CASTILLA, JUAN CARLOS and Gelcich, Stefan},
title = {{Illegal fishing and territorial user rights in Chile}},
journal = {Conservation Biology},
year = {2018},
volume = {32},
number = {3},
pages = {619--627},
month = jun
}

@article{CisnerosMontemayor:2017eq,
author = {Cisneros-Montemayor, Andr{\'e}s M and Singh, Gerald G and Cheung, William W},
title = {{A fuzzy logic expert system for evaluating policy progress towards sustainability goals}},
journal = {AMBIO: A Journal of the Human Environment},
year = {2017},
volume = {319},
pages = {1--13},
month = dec
}

@webpage{WTO:2018vv,
author = {{WTO}},
title = {{Negotiations on fisheries subsidies}},
year = {2018},
url = {https://www.wto.org/english/tratop_e/rulesneg_e/fish_e/fish_e.htm}
}

@article{Finkbeiner:2017dl,
author = {Finkbeiner, Elena M and Bennett, Nathan J and Frawley, Timothy H and Mason, Julia G and Briscoe, Dana K and Brooks, Cassandra M and Ng, Crystal A and Ourens, Rosana and Seto, Katherine and Switzer Swanson, Shannon and Urteaga, Jose and Crowder, Larry B},
title = {{Reconstructing overfishing: Moving beyond Malthus for effective and equitable solutions}},
journal = {Fish and Fisheries},
year = {2017},
volume = {18},
number = {6},
pages = {1180--1191},
month = sep
}

@article{Singh:2017ds,
author = {Singh, Gerald G and Cisneros-Montemayor, Andr{\'e}s M and Swartz, Wilf and Cheung, William W and Guy, J Adam and Kenny, Tiff-Annie and Mcowen, Chris J and Asch, Rebecca and Geffert, Jan Laurens and Wabnitz, Colette C C and Sumaila, Rashid and Hanich, Quentin and Ota, Yoshitaka},
title = {{A rapid assessment of co-benefits and trade-offs among Sustainable Development Goals}},
journal = {Marine Policy},
year = {2017},
pages = {1--0},
month = jun
}

@techreport{instituto_nacional_de_estadisticas_-_chile_sintesis_2018,
author = {{Instituto Nacional de Estadisticas Chile}},
title = {{S{\'\i}ntesis de Resultados Censo 2017}},
year = {2018}
}

@webpage{FAO:2017vf,
author = {{FAO}},
title = {{Coordinating Working Party on Fishery Statistics (CWP)}},
year = {2017},
url = {http://www.fao.org/cwp-on-fishery-statistics/handbook/socio-economic-data/food-balance-sheets/en/}
}

@article{Campos2016,
author = {Campos, Andre Gambier and Chaves, Jose Valente},
title = {{Perfil laboral dos pescadores artesanais no brasil : insumos para o programa seguro defeso}},
journal = {Mercado de Trabalho},
year = {2016},
volume = {60}
}

@webpage{Mcdermott:2018td,
author = {Mcdermott, Amy},
title = {{Brazil's fisheries support millions, but are far from sustainable}},
year = {2018},
url = {https://oceana.org/blog/brazils-fisheries-support-millions-are-far-sustainable}
}

@article{Christensen:2014dy,
author = {Christensen, Villy and de la Puente, Santiago and Sueiro, Juan Carlos and Steenbeek, Jeroen and Majluf, Patricia},
title = {{Valuing seafood: The Peruvian fisheries sector}},
journal = {Marine Policy},
year = {2014},
volume = {44},
number = {C},
pages = {302--311},
month = feb
}

@article{tam_gone_2018,
author = {Tam, J and Chan, K M A and Satterfield, T and Singh, G G and Gelcich, S},
title = {{Gone fishing? Intergenerational cultural shifts can undermine common property co-managed fisheries}},
journal = {Marine Policy},
year = {2018},
volume = {90},
pages = {1--5},
month = apr
}

@techreport{central_cuentas_2017,
author = {Central, Banco},
title = {{Cuentas nacionales de Chile 2013-2017}},
year = {2017},
address = {Santiago, Chile}
}

@article{melnychuk_reconstruction_2017,
author = {Melnychuk, Michael C and Clavelle, Tyler and Owashi, Brandon and Strauss, Kent},
title = {{Reconstruction of global ex-vessel prices of fished species}},
journal = {ICES Journal of Marine Science},
year = {2017},
volume = {74},
number = {1},
pages = {121--133},
month = jan
}

@techreport{PRODUCE:AwW6Njzy,
author = {{PRODUCE}},
title = {{Anuario Estad{\'\i}stico Pesquero y Aqu{\'\i}cola 2016}},
year = {2016}
}

@techreport{fundacion_chile_chile_2016,
author = {chile, Fundacion},
title = {{Chile Saludable: Oportunidades y desafios de inovacion para el aumento del consumo de productos del mar.}},
year = {2016},
address = {Santiago, Chile}
}

@article{Majluf:2016dz,
author = {Majluf, Patricia and de la Puente, Santiago and Christensen, Villy},
title = {{The little fish that can feed the world}},
journal = {Fish and Fisheries},
year = {2016},
volume = {18},
number = {4},
pages = {772--777}
}

@techreport{FAO:2015vu,
author = {{FAO}},
title = {{Voluntary Guidelines for Securing Sustainable Small-Scale Fisheries in the Context of Food Security and Poverty Eradication}},
year = {2015},
address = {Rome, Italy}
}

@techreport{datachile_fish_2016,
author = {{DataChile}},
title = {{Fish Fillets (Animal Products)}},
year = {2016}
}

@techreport{gonzales_solo_2018,
author = {Gonzales, Carlos},
title = {{Solo uno de cada 10 chilenos consume pescado con la frecuencia recomendada}},
year = {2018},
month = mar
}

@article{Smith:2010ww,
author = {Smith, M D and Roheim, C A and Crowder, L B and Halpern, B S},
title = {{Sustainability and global seafood}},
journal = {Science},
year = {2010}
}

@techreport{central_cuentas_2017,
author = {Central, Banco},
title = {{Cuentas nacionales de Chile 2013-2017}},
year = {2017},
address = {Santiago, Chile}
}

@techreport{fundacion_chile_chile_2016,
author = {chile, Fundacion},
title = {{Chile Saludable: Oportunidades y desafios de inovacion para el aumento del consumo de productos del mar.}},
year = {2016},
address = {Santiago, Chile}
}

@techreport{fundacion_chile_chile_2016,
author = {{Fundaci{\'o}n Chile Sustentable}},
title = {{Chile Saludable}},
year = {2016}
}

@techreport{sense_reporte_2015,
author = {{SENSE}},
title = {{REPORTE LABORAL SECTORIAL: Pesca}},
year = {2015}
}

@techreport{ritchie_our_nodate,
author = {Ritchie, Hannah and Roser, Max},
title = {{Our World in Data}}
}

@article{Isaac2015,
author = {Isaac, Victoria J and Almeida, Morgana C and Giarrizzo, Tommaso},
title = {{Food consumption as an indicator of the conservation of natural resources in riverine communities of the Brazilian Amazon}},
year = {2015},
pages = {1--14}
}

@article{Zeller2016,
author = {Zeller, D and Palomares, M L D and Tavakolie, A and Ang, M and Belhabib, D and Cheung, W W L and Lam, V W Y and Sy, E and Tsui, G and Zylich, K and Pauly, D},
title = {{Still catching attention: Sea Around Us reconstructed global catch data, their spatial expression and public accessibility}},
journal = {Marine Policy},
year = {2016},
volume = {70},
pages = {145--152},
month = aug
}

@techreport{HeckFranco:2015vk,
author = {Heck Franco, Carmen},
title = {{Hacia un manejo ecosist{\'e}mico de la pesquer{\'\i}a peruana de anchoveta. An{\'a}lisis del marco legal y administrativo para reformar el manejo de la pesquer{\'\i}a peruana de anchoveta}},
year = {2015}
}

@article{pincinato2018domestic,
author = {Pincinato, Ruth Beatriz Mezzalira and Asche, Frank},
title = {{Domestic landings and imports of seafood in emerging economies: The Brazilian sardines market}},
journal = {Ocean and Coastal Management},
year = {2018},
volume = {165},
pages = {9--14}
}

@article{Tai2017,
author = {Tai, Travis C and Cashion, Tim and Lam, Vicky W Y and Sumaila, U Rashid},
title = {{Ex-vessel fish price database: disaggregating prices for low-priced species from reduction fisheries}},
journal = {Frontiers in Marine Science},
year = {2017},
volume = {4},
number = {363},
pages = {1--10}
}

@techreport{Gutierrez:2017vu,
author = {Guti{\'e}rrez, M and Sueiro, Juan Carlos and {Sueiro}},
title = {{An{\'a}lisis sobre la transparencia en el sector pesquero Peruano}},
year = {2017}
}

@techreport{FAO:2018vf,
author = {{FAO}},
title = {{The State of World Fisheries and Aquaculture 2018}},
year = {2018},
address = {Rome, Italy}
}

@article{Carlucci:2015cy,
author = {Carlucci, Domenico and Nocella, Giuseppe and De Devitiis, Biagia and Viscecchia, Rosaria and Bimbo, Francesco and Nardone, Gianluca},
title = {{Consumer purchasing behaviour towards fish and seafood products. Patterns and insights from a sample of international studies}},
journal = {Appetite},
year = {2015},
volume = {84},
number = {C},
pages = {212--227},
month = jan
}

@article{SEPASEPOR2017,
author = {SEPOR, SEPA},
title = {{Pesca no Estado do Amazonas}},
year = {2017},
volume = {03},
pages = {1--4}
}

@article{subpesca_panorama_2018,
author = {{SUBPESCA}},
title = {{Panorama de la pesca artesanal}},
year = {2018}
}

@article{Higuchi:2017em,
author = {Higuchi, Angie and D{\'a}valos, Jorge and Hernani-Merino, Mart{\'\i}n},
title = {{Theory of planned behavior applied to fish consumption in modern Metropolitan Lima}},
journal = {Food Science and Technology},
year = {2017},
volume = {37},
number = {2},
pages = {202--208},
month = apr
}

@techreport{delaPuente:c92EWDgN,
author = {de la Puente, Santiago and Sueiro, Juan Carlos and Huaytalla, P and Paredes, C E and Casino, K},
title = {{Reporte Tem.Tico: M.Dulo IV. {\textendash} Aspectos Socioecon{\'o}micos. Consultor{\'\i}a Realizada en El Marco Del Proceso De ADT-PAE Del Proyecto GEF-PNUD: Hacia Un Manejo Con Enfoque Ecosist{\'e}mico Del Gran Ecosistema Marino De La Corriente De Humboldt}},
year = {2013}
}

@techreport{ifop_boletines_2017,
author = {{IFOP}},
title = {{Boletines Estad{\'\i}stica de Exportaci{\'o}n de Productos Pesqueros y Acu{\'\i}colas}},
year = {2017}
}

@techreport{wwf_chile_estimacion_2017,
author = {Chile, WWF},
title = {{Estimaci{\'o}n de la pesca INN en la pesquer{\'\i}a de merluza com{\'u}n}},
year = {2017},
address = {Chile}
}

@techreport{AComerPescado:2015ut,
author = {{A Comer Pescado}},
title = {{Patrones De Consumo De Productos Hidrobiol{\'o}gicos en El Per{\'u}: Una Aproximaci{\'o}n Con La Encuesta Nacional De Hogares}},
year = {2015}
}

@article{MAPA,
author = {{MAPA}},
title = {{Rela{\c c}{\~a}o de Estabelecimentos SIGSIF}},
year = {2013},
pages = {1--36}
}

@techreport{PRODUCE:2hufVVAv,
author = {{PRODUCE}},
title = {{Anuario Estad{\'\i}stico Pesquero y Aqu{\'\i}cola 2010}},
year = {2010}
}

@webpage{UnitedNations2018,
author = {{United Nations}},
title = {{Sustainable Development Goals. 17 Goals to Transform our World}},
year = {2018},
url = {https://www.un.org/sustainabledevelopment/sustainable-development-goals/}
}

@article{PeixeBR2018,
author = {{PeixeBR}},
title = {{Anu{\'a}rio Piscicultura Brasil}},
year = {2018}
}

@article{LopezdelaLama:2018hj,
author = {L{\'o}pez de la Lama, Roc{\'\i}o and de la Puente, Santiago and Riveros, Juan Carlos},
title = {{Attitudes and misconceptions towards sharks and shark meat consumption along the Peruvian coast}},
journal = {PLoS ONE},
year = {2018},
volume = {13},
number = {8},
pages = {e0202971--16},
month = aug
}

@incollection{Mendo:2016ws,
author = {Mendo, Jaime and Wolff, Matthias and Mendo, Tania and Ysla, Luis},
title = {{Scallop Fishery and Culture in Peru }},
booktitle = {Development in Aquaculture and FIsheries Science},
year = {2016},
editor = {Shumway, Sandra E and Parsons, G Jay},
pages = {1089--1110},
publisher = {Elsevier}
}

@techreport{ifop_monitoreo_2015,
author = {{IFOP}},
title = {{Monitoreo economico de la industria pesquera y Acu{\'\i}cola Nacional, 2015}},
year = {2015}
}

@techreport{ifop_monitoreo_2015,
author = {{IFOP}},
title = {{Monitoreo economico de la industria pesquera y Acu{\'\i}cola Nacional, 2015}},
year = {2015}
}

@article{Crona:2016gx,
author = {Crona, Beatrice I and Daw, Tim M and Swartz, Wilf and Norstr{\"o}m, Albert V and Nystr{\"o}m, Magnus and Thyresson, Matilda and Folke, Carl and Hentati-Sundberg, Jonas and {\"O}sterblom, Henrik and Deutsch, Lisa and Troell, Max},
title = {{Masked, diluted and drowned out: how global seafood trade weakens signals from marine ecosystems}},
journal = {Fish and Fisheries},
year = {2016},
volume = {17},
number = {4},
pages = {1175--1182}
}

@techreport{Isaac2011,
author = {Isaac, Victoria J and Almeida, Morgana C},
title = {{El consumo de pescado en la Amazonia brasile{\~n}a .}},
year = {2011}
}

@techreport{CEDEPESCA16,
author = {Munoz,Guisellla and Godelman Ernesto},
title = {{Estimacion de la Cota Minima del Sub-Reporte en la Pesqueria de la Merluza Comun}},
year = {2016},
url = {http://cedepesca.net/wp-content/uploads/2016/11/2016-
09_CeDePesca_Estimacion-de-la-cota-minima-de-subreporte-artesanal-merluza-comun-Chile-2.pdf}
}
