%% Created using Papers on Thu, 08 Nov 2018.
%% http://papersapp.com/papers/

@article{CisnerosMontemayor:2016gq,
author = {Cisneros-Montemayor, Andr{\'e}s M and Pauly, Daniel and Weatherdon, Lauren V and Ota, Yoshitaka},
title = {{A Global Estimate of Seafood Consumption by Coastal Indigenous Peoples}},
journal = {PLoS ONE},
year = {2016},
volume = {11},
number = {12},
pages = {e0166681},
month = dec
}

@article{Gasalla:2016gq,
author = {Gasalla, Maria A and de Castro, Fabio},
title = {{Enhancing stewardship in Latin America and Caribbean small-scale fisheries: challenges and opportunities}},
journal = {Maritime Studies},
year = {2016},
volume = {15},
number = {1},
pages = {15},
month = dec
}

@webpage{WTO:2018vv,
author = {{WTO}},
title = {{Negotiations on fisheries subsidies}},
year = {2018},
url = {https://www.wto.org/english/tratop_e/rulesneg_e/fish_e/fish_e.htm}
}

@techreport{FAO:2015vu,
author = {{FAO}},
title = {{Voluntary Guidelines for Securing Sustainable Small-Scale Fisheries in the Context of Food Security and Poverty Eradication}},
year = {2015},
address = {Rome, Italy}
}

@misc{FishStatJsoftware:2016uf,
title = {{FishStatJ - software for fishery statistical time series}},
author = {{FAO}},
howpublished = {FAO Fisheries and Aquaculture Department, Rome},
year = {2016}
}

@article{Sumaila:2007gf,
author = {Sumaila, U Rashid and Marsden, A Dale and Watson, Reg and Pauly, Daniel},
title = {{A Global Ex-vessel Fish Price Database: Construction and Applications}},
journal = {Journal of Bioeconomics},
year = {2007},
volume = {9},
number = {1},
pages = {39--51},
month = jun
}

@article{Singh:2017ds,
author = {Singh, Gerald G and Cisneros-Montemayor, Andr{\'e}s M and Swartz, Wilf and Cheung, William W and Guy, J Adam and Kenny, Tiff-Annie and Mcowen, Chris J and Asch, Rebecca and Geffert, Jan Laurens and Wabnitz, Colette C C and Sumaila, Rashid and Hanich, Quentin and Ota, Yoshitaka},
title = {{A rapid assessment of co-benefits and trade-offs among Sustainable Development Goals}},
journal = {Marine Policy},
year = {2017},
pages = {1--0},
month = jun
}

@webpage{UnitedNations2018,
author = {{United Nations}},
title = {{Sustainable Development Goals. 17 Goals to Transform our World}},
year = {2018},
url = {https://www.un.org/sustainabledevelopment/sustainable-development-goals/}
}

@webpage{FAO:2017vf,
author = {{FAO}},
title = {{Coordinating Working Party on Fishery Statistics (CWP)}},
year = {2017},
url = {http://www.fao.org/cwp-on-fishery-statistics/handbook/socio-economic-data/food-balance-sheets/en/}
}

@techreport{CONICYT:2007tb,
author = {{CONICYT}},
title = {{The fishery and aquaculture sectors in Chile Research capabilities and science {\&} technology development areas}},
year = {2007}
}

@article{Dyck:2010ez,
author = {Dyck, Andrew J and Sumaila, U Rashid},
title = {{Economic impact of ocean fish populations in the global fishery}},
journal = {Journal of Bioeconomics},
year = {2010},
volume = {12},
number = {3},
pages = {227--243},
month = aug
}

@article{FAO:2018KK,
author = {Cisneros-Montemayor, Andr{\'e}s M and Pauly, Daniel and Weatherdon, Lauren V and Ota, Yoshitaka},
title = {{A Global Estimate of Seafood Consumption by Coastal Indigenous Peoples}},
journal = {PLoS ONE},
year = {2016},
volume = {11},
number = {12},
pages = {e0166681--227},
month = dec
}

@article{doEspiritoSant:2012tl,
author = {do Esp{\'\i}rito-Sant, Roberto Vilhena and Isaac, Victoria Judith},
title = {{Desembarques Da Pesca De Pequena Escala No Munic{\'\i}pio De Bragan{\c c}a {\textendash} Pa, Brasil: Esfor{\c c}o E Produ{\c c}{\~a}o}},
journal = {Boletim do Laborat{\'o}rio de Hidrobiologia},
year = {2012},
volume = {25},
number = {1},
pages = {31--48}
}

@techreport{FAO:2018vf,
author = {{FAO}},
title = {{The State of World Fisheries and Aquaculture 2018}},
year = {2018},
address = {Rome, Italy}
}

